% Encoding: UTF-8

@WWW{t00,
  author      = {Marcel R. Ackermann},
  date        = {2024-01-01},
  title       = {7 million publications},
  url         = {https://blog.dblp.org/2024/01/01/7-million-publications/},
  urldate     = {2024-03-19},
  hyphenation = {czech},
}

@WWW{t01,
  date    = {2024-03-19},
  title   = {Under what license is the data from dblp released},
  url     = {https://dblp.org/faq/1474677.html},
  urldate = {2024-03-19},
}

@WWW{t02,
  title   = {OpenAlex},
  url     = {https://openalex.org/},
  urldate = {2024-03-19},
}

@WWW{t03,
  title   = {Crossref},
  url     = {https://www.crossref.org/},
  urldate = {2024-03-19},
}

@WWW{t04,
  title   = {OpenCitations},
  url     = {https://opencitations.net/},
  urldate = {2024-03-19},
}

@WWW{t05,
  title   = {Semantic Scholar},
  url     = {https://www.semanticscholar.org/},
  urldate = {2024-03-19},
}

@WWW{t07,
  title   = {Michael Ley},
  url     = {https://dblp.org/pid/00/1.html},
  urldate = {2024-03-19},
}

@WWW{t08,
  title   = {Which technology does dblp use for searching the website?},
  url     = {https://dblp.org/faq/11960371.html},
  urldate = {2024-03-19},
}

@WWW{t09,
  title   = {How to use the dblp search?},
  url     = {https://dblp.org/faq/1474589.html},
  urldate = {2024-03-19},
}

@WWW{t10,
  title   = {What do I find in dblp.xml?},
  url     = {https://dblp.org/faq/16154937.html},
  urldate = {2024-03-19},
}

@WWW{t11,
  author  = {Benedikt Maria Beckermann},
  date    = {2023-04-27},
  title   = {Dataset publications in dblp},
  url     = {https://www.dagstuhl.de/en/dblp/news/2023/dataset-publications-in-dblp},
  urldate = {2024-03-19},
}

@WWW{t12,
  title   = {Am I allowed to crawl the dblp website?},
  url     = {https://dblp.org/faq/1474706.html},
  urldate = {2024-03-19},
}

@WWW{t13,
  title   = {Next.js dokumentace},
  url     = {https://nextjs.org/docs},
  urldate = {2024-03-19},
}

@WWW{t14,
  title   = {React},
  url     = {https://react.dev/},
  urldate = {2024-03-19},
}

@WWW{t15,
  title   = {TypeScript},
  url     = {https://www.typescriptlang.org/},
  urldate = {2024-03-19},
}

@WWW{t16,
  title   = {usehooks-ts},
  url     = {https://usehooks-ts.com/},
  urldate = {2024-03-19},
}

@WWW{t17,
  title   = {server-only},
  url     = {https://www.npmjs.com/package/server-only},
  urldate = {2024-03-19},
}

@WWW{t18,
  title   = {MongoDB},
  url     = {https://www.mongodb.com/},
  urldate = {2024-03-19},
}

@WWW{t19,
  title   = {Mongoose},
  url     = {https://mongoosejs.com/},
  urldate = {2024-03-19},
}

@WWW{t20,
  title   = {SWR},
  url     = {https://swr.vercel.app/},
  urldate = {2024-03-19},
}

@WWW{t21,
  title   = {Cheerio},
  url     = {https://cheerio.js.org/},
  urldate = {2024-03-19},
}

@WWW{t22,
  title   = {he},
  url     = {https://www.npmjs.com/package/he},
  urldate = {2024-03-19},
}

@WWW{t23,
  title   = {uuid},
  url     = {https://www.npmjs.com/package/uuid},
  urldate = {2024-03-19},
}

@WWW{t24,
  title   = {D3.js},
  url     = {https://d3js.org/},
  urldate = {2024-03-19},
}

@WWW{t25,
  title   = {Tailwind CSS},
  url     = {https://tailwindcss.com/},
  urldate = {2024-03-19},
}

@WWW{t26,
  title   = {PostCSS},
  url     = {https://postcss.org/},
  urldate = {2024-03-19},
}

@WWW{t27,
  title   = {Autoprefixer},
  url     = {https://www.npmjs.com/package/autoprefixer},
  urldate = {2024-03-19},
}

@WWW{t28,
  title   = {tailwind-merge},
  url     = {https://www.npmjs.com/package/tailwind-merge},
  urldate = {2024-03-19},
}

@WWW{t29,
  title   = {clsx},
  url     = {https://www.npmjs.com/package/clsx},
  urldate = {2024-03-19},
}

@WWW{t30,
  title   = {Class Variance Authority},
  url     = {https://cva.style/docs},
  urldate = {2024-03-19},
}

@WWW{t31,
  title   = {React Icons},
  url     = {https://react-icons.github.io/react-icons/},
  urldate = {2024-03-19},
}

@WWW{t32,
  title   = {Jest},
  url     = {https://jestjs.io/},
  urldate = {2024-03-19},
}

@WWW{t33,
  title   = {d3-force},
  url     = {https://d3js.org/d3-force},
  urldate = {2024-03-20},
}

@WWW{t34,
  title   = {Web Workers API},
  url     = {https://developer.mozilla.org/en-US/docs/Web/API/Web_Workers_API},
  urldate = {2024-03-20},
}

@WWW{t35,
  title   = {Install MongoDB Community Edition},
  url     = {https://www.mongodb.com/docs/manual/administration/install-community/},
  urldate = {2024-03-21},
}

@WWW{t36,
  title   = {Node.js},
  url     = {https://nodejs.org/},
  urldate = {2024-04-05},
}

@Comment{jabref-meta: databaseType:biblatex;}
